@Book{DevEcon,
  title     = {Health at a Glance 2017},
  publisher = {OECD},
  year      = {2017},
  author    = {OEDC Publishing},  
  address   = {Paris},
  isbn      = {9789264280397},
  keywords  = {Population Health, Health Expenditures},
  url       = {http://dx.doi.org/10.1787/health_glance-2017-en}
}
@Misc{www-google-top5,
  author       = {{Institute of Ecolonomics}},
  title        = {Top 5 Challenges the Third World is Facing Today},
  howpublished = {Web page as Blog},
  month        = may,
  year         = {2015},
  keywords     = {Developing Countries top challenges},
  url          = {http://ecolonomics.org/top-5-challenges-the-third-world-is-facing-today/}
 } 
