This is report.bib for paper2
